ISA*00*          *00*          *ZZ*PAYER123       *ZZ*PROVIDER456    *260415*1234*^*00501*000000001*0*P*:~
GS*HP*PAYER123*PROVIDER456*20260415*1234*1*X*005010X221A1~
ST*835*0001~
BPR*I*1234.56*C*ACH*CCP*01*123456789*DA*987654321*1234567890**01*123456789*DA*456789012*20260415~
TRN*1*TRACE-ABC-001*1234567890~
DTM*405*20260415~
N1*PR*MEDICARE PALMETTO GBA~
N1*PE*ACME HOSPICE LLC*XX*1234567890~
LX*1~
CLP*CLAIM-001*1*250.00*200.00*50.00*MA*MCN-9001*11*1~
CAS*CO*45*30.00**253*20.00~
NM1*QC*1*PATIENT*ANONYMIZED****MI*MEMBER-HASH-1~
DTM*232*20260301~
SVC*HC:99497:25*250.00*200.00**1~
DTM*472*20260301~
CAS*CO*45*30.00~
CAS*PR*1*20.00~
LQ*HE*MA01~
LQ*HE*N115~
CLP*CLAIM-002*4*150.00*0.00*0.00*MA*MCN-9002*11*1~
CAS*CO*97*150.00~
NM1*QC*1*PATIENT*ANONYMIZED****MI*MEMBER-HASH-2~
SVC*HC:36415*150.00*0.00**1~
DTM*472*20260305~
CAS*CO*97*150.00~
LQ*HE*N56~
CLP*CLAIM-003*2*500.00*0.00*0.00*MA*MCN-9003*11*1~
CAS*CO*29*500.00~
SVC*HC:99213*500.00*0.00**1~
DTM*472*20250101~
SE*30*0001~
GE*1*1~
IEA*1*000000001~
